<?xml version="1.0" encoding="UTF-8"?><collection xmlns="http://www.loc.gov/MARC21/slim"><record><leader>00453nam--2200133-i-4500</leader><controlfield tag="001">000023328</controlfield><controlfield tag="002">20161230</controlfield><controlfield tag="005">20161230201035</controlfield><controlfield tag="008">060222s1000------------r-----000-0-eng-d</controlfield><datafield ind1=" " ind2=" " tag="080"><subfield code="a">621.38(061.3):681.3.06(061.3)</subfield></datafield><datafield ind1=" " ind2=" " tag="245"><subfield code="a">International conference on computer aided design, 24-28 april 1972. organised by iee and eea in assoc. with ieee</subfield></datafield><datafield ind1=" " ind2=" " tag="260"><subfield code="a">Kent, Tunbridge Wells, C. Baldwin Ltd., 1972, Viii + 431p</subfield></datafield><datafield ind1=" " ind2=" " tag="490"><subfield code="a">Conference Publ</subfield></datafield><datafield ind1=" " ind2=" " tag="852"><subfield code="a">39454</subfield></datafield></record></collection>